<?xml version="1.0" encoding="UTF-8"?><collection xmlns="http://www.loc.gov/MARC21/slim"><record><leader>00388nam--2200133-i-4500</leader><controlfield tag="001">000010482</controlfield><controlfield tag="002">20161230</controlfield><controlfield tag="005">20161230201028</controlfield><controlfield tag="008">060222s1000------------r-----000-0-eng-d</controlfield><datafield ind1=" " ind2=" " tag="080"><subfield code="a">547</subfield></datafield><datafield ind1=" " ind2=" " tag="100"><subfield code="a">Berlin, Darrell K.And Butler, George B</subfield></datafield><datafield ind1=" " ind2=" " tag="245"><subfield code="a">Fundamentals of organic chemistry. theory and application</subfield></datafield><datafield ind1=" " ind2=" " tag="260"><subfield code="a">New York, The Ronald Press Company, 1972 X + 1113 P</subfield></datafield><datafield ind1=" " ind2=" " tag="852"><subfield code="a">37861</subfield></datafield></record></collection>